@thesis{pinhole-model,
author = {Yannick Morvan},
title = {Acquisition, Compression and Rendering of Depth and Texture for Multi-View Video},
type = {Ph.D. Thesis},
institution = {Technische Universiteit Eindhoven},
year = {2009}
}

@thesis{onlab-1,
author = {Kriván Bálint},
title = {Kép- és videófeldolgozás},
type = {Önálló laboratórium beszámoló},
institution = {Budapesti Műszaki és Gazdaságtudományi Egyetem},
year = {2013}
}

@online{camera-calib,
author = {OpenCV dev team},
title = {Camera calibration With OpenCV -- OpenCV 2.4.9.0 documentation},
year = {2014},
url = {http://docs.opencv.org/doc/tutorials/calib3d/camera_calibration/camera_calibration.html}
}

@online{camera-calib-3d,
author = {OpenCV dev team},
title = {Camera Calibration and 3D Reconstruction -- OpenCV 2.4.9.0 documentation},
year = {2014},
url = {http://docs.opencv.org/modules/calib3d/doc/camera_calibration_and_3d_reconstruction.html}
}

@ARTICLE{SGBM, 
author={Hirschmuller, H.}, 
journal={Pattern Analysis and Machine Intelligence, IEEE Transactions on}, 
title={Stereo Processing by Semiglobal Matching and Mutual Information}, 
year={2008}, 
month={Feb}, 
volume={30}, 
number={2}, 
pages={328-341}, 
keywords={image matching;image reconstruction;stereo image processing;3D reconstruction;multibaseline matching;mutual information based matching;occlusion detection;orthographic projection;pathwise optimization;pixelwise matching;radiometric transformation;semiglobal matching;stereo processing;subpixel refinement;global optimization;multi-baseline;mutual information;stereo}, 
doi={10.1109/TPAMI.2007.1166}, 
ISSN={0162-8828},}

@MastersThesis{stereo-var,
author = {Sergey Kosov},
title = {Multi - View 3D Reconstruction with Variational Method},
school = {Saarland University},
year = {2008},
OPTkey = {•},
OPTtype = {•},
OPTaddress = {•},
OPTmonth = {•},
OPTnote = {•},
OPTannote = {•}
}

@Book{HZ, 
    author = "Hartley, R.~I. and Zisserman, A.",
    title = "Multiple View Geometry in Computer Vision",
    edition = "Second",
    year = "2004",
    publisher = "Cambridge University Press, ISBN: 0521540518"
}

@misc{LK,
  added-at = {2009-06-16T08:56:01.000+0200},
  author = {Bouguet, Jean-Yves},
  biburl = {http://www.bibsonomy.org/bibtex/26d526b728a7c2bfa9309469c69e0bdff/midtiby},
  interhash = {eef6e5d46faede3c0e1fe7cd755790bb},
  intrahash = {6d526b728a7c2bfa9309469c69e0bdff},
  keywords = {lucas-kanade tracking},
  publisher = {Intel Corporation Microprocessor Research Labs},
  timestamp = {2009-06-16T08:56:01.000+0200},
  title = {Pyramidal Implementation of the Lucas Kanade Feature Tracker Description of the algorithm},
  url = {http://robots.stanford.edu/cs223b04/algo_tracking.pdf},
  year = 2000
}

@INPROCEEDINGS{shi-thomasi, 
author={Shi, J. and Tomasi, C.}, 
booktitle={Computer Vision and Pattern Recognition, 1994. Proceedings CVPR '94., 1994 IEEE Computer Society Conference on}, 
title={Good features to track}, 
year={1994}, 
month={Jun}, 
pages={593-600}, 
keywords={computer vision;feature extraction;tracking;Newton-Raphson style search methods;affine image transformations;disocclusions;feature monitoring;feature selection;feature-based;occlusions;performance;tracker;tracking;vision system;Feature extraction;Machine vision;Tracking}, 
doi={10.1109/CVPR.1994.323794}, 
ISSN={1063-6919},}

@inproceedings{farneback,
 author = {Farneb\"{a}ck, Gunnar},
 title = {Two-frame Motion Estimation Based on Polynomial Expansion},
 booktitle = {Proceedings of the 13th Scandinavian Conference on Image Analysis},
 series = {SCIA'03},
 year = {2003},
 isbn = {3-540-40601-8},
 location = {Halmstad, Sweden},
 pages = {363--370},
 numpages = {8},
 url = {http://dl.acm.org/citation.cfm?id=1763974.1764031},
 acmid = {1764031},
 publisher = {Springer-Verlag},
 address = {Berlin, Heidelberg},
} 

@MISC{MOG,
    author = {P. Kaewtrakulpong and R. Bowden},
    title = {An Improved Adaptive Background Mixture Model for Realtime Tracking with Shadow Detection},
    year = {2001}
}

@online{mog-example,
author = {OpenCV dev team},
title = {How to Use Background Subtraction Methods -- OpenCV 3.0.0-dev documentation},
year = {2014},
url = {http://docs.opencv.org/trunk/doc/tutorials/video/background_subtraction/background_subtraction.html}
}

@online{opencv-lk,
author = {OpenCV dev team},
title = {Optical Flow -- OpenCV 3.0.0-dev documentation},
year = {2014},
url = {http://docs.opencv.org/master/doc/py_tutorials/py_video/py_lucas_kanade/py_lucas_kanade.html}
}