@phdthesis{pinhole-model,
  title={Acquisition, compression and rendering of depth and texture for multi-view video},
  author={Morvan, Yanninck},
  year={2009},
  school={Technische Universiteit Eindhoven}
}

@thesis{onlab-1,
author = {Kriván, Bálint},
title = {Kép- és videófeldolgozás},
type = {Önálló laboratórium beszámoló},
institution = {Budapesti Műszaki és Gazdaságtudományi Egyetem},
year = {2013},
hyphenation = {magyar}
}

@online{camera-calib,
author = {OpenCV dev team},
title = {Camera calibration With OpenCV -- OpenCV 2.4.9.0 documentation},
year = {2014},
url = {http://docs.opencv.org/doc/tutorials/calib3d/camera_calibration/camera_calibration.html}
}

@online{camera-calib-3d,
author = {OpenCV dev team},
title = {Camera Calibration and 3D Reconstruction -- OpenCV 2.4.11.0 documentation},
year = {2015},
url = {http://docs.opencv.org/modules/calib3d/doc/camera_calibration_and_3d_reconstruction.html}
}

@article{SGBM,
  title={Stereo processing by semiglobal matching and mutual information},
  author={Hirschmuller, Heiko},
  journal={Pattern Analysis and Machine Intelligence, IEEE Transactions on},
  volume={30},
  number={2},
  pages={328--341},
  year={2008},
  publisher={IEEE}
}

@mastersthesis{stereo-var,
  title={Multi--View 3D Reconstruction with Variational Method},
  author={Kosov, Sergey},
  year={2008},
  school={Department of Computer Science, Saarland University}
}

@book{HZ,
  title={Multiple view geometry in computer vision},
  author={Hartley, Richard and Zisserman, Andrew},
  year={2004},
  publisher={Cambridge university press},
  edition = "Second"
}

@article{hartley-triangulation,
  title={Triangulation},
  author={Hartley, Richard I and Sturm, Peter},
  journal={Computer vision and image understanding},
  volume={68},
  number={2},
  pages={146--157},
  year={1997},
  publisher={Elsevier}
}

@article{LK,
  title={Pyramidal implementation of the affine lucas kanade feature tracker description of the algorithm},
  author={Bouguet, Jean-Yves},
  journal={Intel Corporation},
  volume={5},
  pages={1--10},
  year={2001}
}

@inproceedings{shi-thomasi,
  title={Good features to track},
  author={Shi, Jianbo and Tomasi, Carlo},
  booktitle={Computer Vision and Pattern Recognition, 1994. Proceedings CVPR'94., 1994 IEEE Computer Society Conference on},
  pages={593--600},
  year={1994},
  organization={IEEE}
}

@incollection{farneback,
  title={Two-frame motion estimation based on polynomial expansion},
  author={Farneb{\"a}ck, Gunnar},
  booktitle={Image Analysis},
  pages={363--370},
  year={2003},
  publisher={Springer}
}

@incollection{MOG,
  title={An improved adaptive background mixture model for real-time tracking with shadow detection},
  author={KaewTraKulPong, Pakorn and Bowden, Richard},
  booktitle={Video-based surveillance systems},
  pages={135--144},
  year={2002},
  publisher={Springer}
}

@online{opencv-mog,
author = {OpenCV dev team},
title = {Motion Analysis and Object Tracking -- OpenCV 2.4.11.0 documentation},
year = {2015},
url = {http://docs.opencv.org/modules/video/doc/motion_analysis_and_object_tracking.html#backgroundsubtractormog2}

@online{mog-example,
author = {OpenCV dev team},
title = {How to Use Background Subtraction Methods -- OpenCV 3.0.0-dev documentation},
year = {2014},
url = {http://docs.opencv.org/trunk/doc/tutorials/video/background_subtraction/background_subtraction.html}
}

@online{opencv-lk,
author = {OpenCV dev team},
title = {Optical Flow -- OpenCV 3.0.0-dev documentation},
year = {2014},
url = {http://docs.opencv.org/master/doc/py_tutorials/py_video/py_lucas_kanade/py_lucas_kanade.html}
}

@online{cv_video,
author = {OpenCV dev team},
title = {Reading and Writing Images and Video -- OpenCV 2.4.11.0 documentation},
year = {2015},
url = {http://docs.opencv.org/modules/highgui/doc/reading_and_writing_images_and_video.html}
}

@inproceedings{quadropter,
  title={Obstacle mapping module for quadrotors on outdoor Search and Rescue operations},
  author={Nolan, Andrew and Serrano, Daniel and Sabat{\'e}, Aura Hernandez and Mussarra, Daniel Ponsa and Pena, Antonio M L{\'o}pez},
  booktitle={International Micro Air Vehicle Conference and Flight Competition (IMAV2013), Toulouse, France},
  year={2013}
}

@online{distortion,
author = {The Unkelbach Valley Software Works},
title = {Radial Distortion Correction},
year = {2014},
url = {http://www.uni-koeln.de/~al001/radcor_files/hs100.htm}
}

@misc{opencv,
   author = "Itseez",
   title = "OpenCV | OpenCV",
   year = "2014",
   url = "http://opencv.org/",
   note = "[Online; hozzáférve 2014. december 1-jén]"
}

@article{sfm,
  title={3D structure from 2D motion},
  author={Jebara, Tony and Azarbayejani, Ali and Pentland, Alex},
  journal={Signal Processing Magazine, IEEE},
  volume={16},
  number={3},
  pages={66--84},
  year={1999},
  publisher={IEEE}
}

@incollection{optic-flow,
  title={Optical flow estimation},
  author={Fleet, David and Weiss, Yair},
  booktitle={Handbook of Mathematical Models in Computer Vision},
  pages={237--257},
  year={2006},
  publisher={Springer}
}

@online{lk-wiki,
author = {The Wikipedia},
title = {Lucas–Kanade method - Wikipedia, the free encyclopedia},
year = {2014},
url = {http://en.wikipedia.org/wiki/Lucas-Kanade_method}
}

@incollection{quad-autonomous,
  title={AR-drone as a platform for robotic research and education},
  author={Krajn{\'\i}k, Tom{\'a}{\v{s}} and Von{\'a}sek, Vojt{\v{e}}ch and Fi{\v{s}}er, Daniel and Faigl, Jan},
  booktitle={Research and Education in Robotics-EUROBOT 2011},
  pages={172--186},
  year={2011},
  publisher={Springer}
}

@inproceedings{quad-swarm,
  title={Autonomous quadcopter swarm robots for object localization and tracking},
  author={Ma'sum, M Anwar and Jati, Grafika and Arrofi, M Kholid and Wibowo, Adi and Mursanto, Petrus and Jatmiko, Wisnu},
  booktitle={Micro-NanoMechatronics and Human Science (MHS), 2013 International Symposium on},
  pages={1--6},
  year={2013},
  organization={IEEE}
}

@phdthesis{phd,
	author		= "Vámossy, Zoltán",
	title		= "Mobil robotok navigációja PAL-optikára alapozott gépi látással",
	school		= "Budapesti Műszaki és Gazdaságtudományi Egyetem",
	%address	= "",
	year		= "2009",
	%month		= "",
	%keywords	= "",
	%note		= "",
}

@BOOK{book,
author = {Daniel Lélis Baggio and Shervin Emami and David Millán Escrivá and Khvedchenia Ievgen and Naureen Mahmood and Jason Saragih and Roy Shilkrot},
title = {Mastering OpenCV with Practical
Computer Vision Projects},
publisher = {Packt Publishing},
year = {2012}
}

@article{optical-flow-rectification,
  title={Dynamic 3D scene depth reconstruction via optical flow field rectification},
  author={Yang, You and Liu, Qiong and Ji, Rongrong and Gao, Yue},
  journal={PloS one},
  volume={7},
  number={11},
  pages={e47041},
  year={2012},
  publisher={Public Library of Science}
}

@online{cs-svd,
title = {Szinguláris felbontás},
author = {Fogaras, Dániel},
url = {http://www.cs.bme.hu/~fd/papers/fog_svd02.pdf}}


@online{opencv-surf,
author = {OpenCV dev team},
title = {Feature Detection and Description -- OpenCV 2.4.11.0 documentation},
year = {2015},
url = {http://docs.opencv.org/modules/nonfree/doc/feature_detection.html}
}

@article{flann_pami_2014,
  title={Scalable Nearest Neighbor Algorithms for High Dimensional Data},
  author={Marius Muja and David G. Lowe},
  journal={Pattern Analysis and Machine Intelligence, IEEE Transactions on},
  volume={36},
  year={2014},
  publisher={IEEE}
}

@inproceedings{flann-binary,
  title={Fast matching of binary features},
  author={Muja, Marius and Lowe, David G},
  booktitle={Computer and Robot Vision (CRV), 2012 Ninth Conference on},
  pages={404--410},
  year={2012},
  organization={IEEE}
}

@online{opencv-flann,
author = {OpenCV dev team},
title = {Fast Approximate Nearest Neighbor Search},
year = {2015},
url = {http://docs.opencv.org/modules/flann/doc/flann_fast_approximate_nearest_neighbor_search.html}
}

@online{sfm-toy-library,
author = {Roy Shilkrot},
title = {A toy library for Structure from Motion using OpenCV 2.3+},
year = {2015},
url = {https://github.com/royshil/SfM-Toy-Library}
}



@incollection{surf,
  title={Surf: Speeded up robust features},
  author={Bay, Herbert and Tuytelaars, Tinne and Van Gool, Luc},
  booktitle={Computer vision--ECCV 2006},
  pages={404--417},
  year={2006},
  publisher={Springer}
}

@incollection{FAST,
  title={Machine learning for high-speed corner detection},
  author={Rosten, Edward and Drummond, Tom},
  booktitle={Computer Vision--ECCV 2006},
  pages={430--443},
  year={2006},
  publisher={Springer}
}

@article{MSER,
  title={Robust wide-baseline stereo from maximally stable extremal regions},
  author={Matas, Jiri and Chum, Ondrej and Urban, Martin and Pajdla, Tom{\'a}s},
  journal={Image and vision computing},
  volume={22},
  number={10},
  pages={761--767},
  year={2004},
  publisher={Elsevier}
}

@inproceedings{FREAK,
  title={Freak: Fast retina keypoint},
  author={Alahi, Alexandre and Ortiz, Raphael and Vandergheynst, Pierre},
  booktitle={Computer Vision and Pattern Recognition (CVPR), 2012 IEEE Conference on},
  pages={510--517},
  year={2012},
  organization={IEEE}
}

@article{SIFT,
  title={Distinctive image features from scale-invariant keypoints},
  author={Lowe, David G},
  journal={International journal of computer vision},
  volume={60},
  number={2},
  pages={91--110},
  year={2004},
  publisher={Springer}
}

@inproceedings{ORB,
  title={ORB: an efficient alternative to SIFT or SURF},
  author={Rublee, Ethan and Rabaud, Vincent and Konolige, Kurt and Bradski, Gary},
  booktitle={Computer Vision (ICCV), 2011 IEEE International Conference on},
  pages={2564--2571},
  year={2011},
  organization={IEEE}
}

@inproceedings{feature-detection-comparison,
  title={Evaluation of binary keypoint descriptors},
  author={Bekele, Dagmawi and Teutsch, Michael and Schuchert, Tobias},
  booktitle={Image Processing (ICIP), 2013 20th IEEE International Conference on},
  pages={3652--3656},
  year={2013},
  organization={IEEE}
}

@inproceedings{quaternion,
  title={Animating rotation with quaternion curves},
  author={Shoemake, Ken},
  booktitle={ACM SIGGRAPH computer graphics},
  volume={19},
  number={3},
  pages={245--254},
  year={1985},
  organization={ACM}
}

@MISC{eigenweb,
  author = {Ga\"{e}l Guennebaud and Beno\^{i}t Jacob and others},
  title = {Eigen v3},
  howpublished = {http://eigen.tuxfamily.org},
  year = {2010}
}

@article{Bajaj198699,
  title={Proving geometric algorithm non-solvability: An application of factoring polynomials},
  author={Bajaj, Chanderjit},
  journal={Journal of Symbolic Computation},
  volume={2},
  number={1},
  pages={99--102},
  year={1986},
  publisher={Elsevier}
}

@misc{OpenMP-specs,
    author = {{OpenMP Architecture Review Board}},
    title = {{OpenMP} Application Program Interface Version 3.1},
    month = 07,
    year = 2011,
    url = {http://www.openmp.org/mp-documents/OpenMP3.1.pdf}
}

@article{OpenMP,
  title={OpenMP: an industry standard API for shared-memory programming},
  author={Dagum, Leonardo and Menon, Ramesh},
  journal={Computational Science \& Engineering, IEEE},
  volume={5},
  number={1},
  pages={46--55},
  year={1998},
  publisher={IEEE}
}

@techreport{kepfeldolg-modszerek,
    author = {Fazekas, Gábor and Hajdu, András},
    title = {Képfeldolgozási módszerek},
    year = {2004},
    institution = {Debreceni Egyetem, Informatikai Intézet},
    url = {http://www.inf.unideb.hu/~hajdua/km_main.pdf},
    hyphenation={magyar}
}

@article{parallel-cuda,
  title={Scalable parallel programming with CUDA},
  author={Nickolls, John and Buck, Ian and Garland, Michael and Skadron, Kevin},
  journal={Queue},
  volume={6},
  number={2},
  pages={40--53},
  year={2008},
  publisher={ACM}
}

@online{cuda-nvidia,
title={CUDA Toolkit},
author={NVIDIA Corporation},
year={2015},
url={https://developer.nvidia.com/cuda-toolkit}}

@online{cuda-stream,
title={OpenCV: cv::cuda::Stream Class Reference},
author={OpenCV dev team},
year={2015},
url={http://docs.opencv.org/master/d9/df3/classcv_1_1cuda_1_1Stream.html}}

@online{amd-opencl-opencv,
title={OpenCV 3.0 -- The Transparent API and OpenCL\texttrademark Acceleration},
author={Harris Gasparakis},
year={2014},
month={10},
url={http://developer.amd.com/community/blog/2014/10/15/opencv-3-0-transparent-api-opencl-acceleration/}
}

@incollection{zach2007duality,
  title={A duality based approach for realtime TV-L 1 optical flow},
  author={Zach, Christopher and Pock, Thomas and Bischof, Horst},
  booktitle={Pattern Recognition},
  pages={214--223},
  year={2007},
  publisher={Springer}
}

@article{brunelli1997template,
  title={Template matching: Matched spatial filters and beyond},
  author={Brunelli, Roberto and Poggiot, T},
  journal={Pattern Recognition},
  volume={30},
  number={5},
  pages={751--768},
  year={1997},
  publisher={Elsevier}
}

@inproceedings{viola2001rapid,
  title={Rapid object detection using a boosted cascade of simple features},
  author={Viola, Paul and Jones, Michael},
  booktitle={Computer Vision and Pattern Recognition, 2001. CVPR 2001. Proceedings of the 2001 IEEE Computer Society Conference on},
  volume={1},
  pages={I--511},
  year={2001},
  organization={IEEE}
}